@book{hecht,
	author = {Eugene Hecht},
	title = {Optics},
	date = {2017},
	edition = {5},
	publisher = {Pearson Education},
	isbn = {}
}

@book{serjew,
  author = {Raymond Serway and John Jewett},
  date = {2009},
  edition = {7},
  title = {Física para ciencias e ingeniería con Física Moderna},
  publisher = {Cengage Learning},
  isbn = {}
}

@book{feynman,
  author = {Richard Feynman and Matthew Sands and Robert Leighton},
  title = {The Feynman Lectures on Physics},
  volume = {1},
  date = {2010},
  publisher = {Basic Books}
}

@book{figueras,
    author = {Marc Figueras},
    title = {Óptica Geométrica: la óptica sin ondas},
    date = {2013},
    publisher = {Universitat Oberta de Catalunya},
}

@book{oda,
	author = {Berta Oda},
	title = {Introducción al análisis gráfico de datos experimentales},
	date = {2005},
	edition = {3},
	publisher = {Prensas de Ciencias},
	isbn = {},
    }

@book{pedrotti,
    author = {Frank L. Pedrotti and Leno M. Pedrotti and Leno S. Pedrotti},
    title = {Introduction to Optics},
    date ={2018},
    edition = {3},
    publisher = {Cambridge University Press},
}

@book{born,
    author = {Max Born and Emil Wolf},
    title = {Principles of Optics},
    date = {2003},
    edition = {7},
    publisher = {Cambridge University Press},
}

@book{moebs,
	author = {Samuel J. Ling and Jeff Sanny and William Moebs},
	title = {University Physics},
    vol = {3},
	date = {2021},
	publisher = {OpenStax},
	isbn = {978-1711494647},
    }

@book{smith,
    author = {Warren J. Smith},
    title = {Modern Optical Engineering. The Design of Optical Systems},
    date = {2000},
    publisher = {McGraw-Hill},
    edition = {3}
}

@book{cornejo,
    author = {Alejandro Cornejo Rodríguez and Gonzalo Urcid Serrano},
    title = {Óptica Geométrica. Resumen de Conceptos y Fórmulas. Parte I},
    edition = {2},
    publisher = {INAOE},
    date = {2006}
}

@book{cruz,
    author = {Héctor Cruz Ramírez},
    version = {2},
    title = {Optica geométrica II: lentes e imágenes.},
    publisher = {Instituto de Ciencias Nucleares, UNAM.},
    date = {2017}
}

@book{robertson,
    author = {John K. Robertson},
    title = {Introduction of Optics. Geometrical and Physical},
    date = {1954},
    publisher = {D. Van Nostrand Company, Inc.},
    edition = {4}
}

@book{mejia,
    author = {Yobani Mejía Barbosa},
    title = {Fundamentos de óptica. Curso introductorio},
    date = {2021},
    publisher = {Universidad Nacional de Colombia},
    edition = {1}
}